%YAML 1.1
%TAG !u! tag:unity3d.com,2011:
--- !u!1 &1452006777184002063
GameObject:
  m_ObjectHideFlags: 0
  m_CorrespondingSourceObject: {fileID: 0}
  m_PrefabInstance: {fileID: 0}
  m_PrefabAsset: {fileID: 0}
  serializedVersion: 6
  m_Component:
  - component: {fileID: 3530665723602218594}
  m_Layer: 0
  m_Name: SmallPlinth
  m_TagString: Untagged
  m_Icon: {fileID: 0}
  m_NavMeshLayer: 0
  m_StaticEditorFlags: 0
  m_IsActive: 1
--- !u!4 &3530665723602218594
Transform:
  m_ObjectHideFlags: 0
  m_CorrespondingSourceObject: {fileID: 0}
  m_PrefabInstance: {fileID: 0}
  m_PrefabAsset: {fileID: 0}
  m_GameObject: {fileID: 1452006777184002063}
  m_LocalRotation: {x: 0, y: 0, z: 0, w: 1}
  m_LocalPosition: {x: 0, y: 0, z: 5}
  m_LocalScale: {x: 1, y: 1, z: 1}
  m_Children:
  - {fileID: 1459366397979316300}
  - {fileID: 4306518140105127069}
  - {fileID: 2484838110497420381}
  - {fileID: 5032637122629255681}
  m_Father: {fileID: 0}
  m_RootOrder: 0
  m_LocalEulerAnglesHint: {x: 0, y: 0, z: 0}
--- !u!1001 &461337104715300581
PrefabInstance:
  m_ObjectHideFlags: 0
  serializedVersion: 2
  m_Modification:
    m_TransformParent: {fileID: 3530665723602218594}
    m_Modifications:
    - target: {fileID: 1791036855490338461, guid: ef85441f92be24f4186a8d28e1829ad7, type: 3}
      propertyPath: m_Mesh
      value: 
      objectReference: {fileID: 0}
    - target: {fileID: 1798988142554941996, guid: ef85441f92be24f4186a8d28e1829ad7, type: 3}
      propertyPath: m_Mesh
      value: 
      objectReference: {fileID: 0}
    - target: {fileID: 2602258973160508088, guid: ef85441f92be24f4186a8d28e1829ad7, type: 3}
      propertyPath: m_RootOrder
      value: 2
      objectReference: {fileID: 0}
    - target: {fileID: 2602258973160508088, guid: ef85441f92be24f4186a8d28e1829ad7, type: 3}
      propertyPath: m_LocalPosition.x
      value: 0.9999738
      objectReference: {fileID: 0}
    - target: {fileID: 2602258973160508088, guid: ef85441f92be24f4186a8d28e1829ad7, type: 3}
      propertyPath: m_LocalPosition.y
      value: -0.000017046928
      objectReference: {fileID: 0}
    - target: {fileID: 2602258973160508088, guid: ef85441f92be24f4186a8d28e1829ad7, type: 3}
      propertyPath: m_LocalPosition.z
      value: 0.5
      objectReference: {fileID: 0}
    - target: {fileID: 2602258973160508088, guid: ef85441f92be24f4186a8d28e1829ad7, type: 3}
      propertyPath: m_LocalRotation.w
      value: 0.0000020191071
      objectReference: {fileID: 0}
    - target: {fileID: 2602258973160508088, guid: ef85441f92be24f4186a8d28e1829ad7, type: 3}
      propertyPath: m_LocalRotation.x
      value: -0.0000020191071
      objectReference: {fileID: 0}
    - target: {fileID: 2602258973160508088, guid: ef85441f92be24f4186a8d28e1829ad7, type: 3}
      propertyPath: m_LocalRotation.y
      value: -0.7071068
      objectReference: {fileID: 0}
    - target: {fileID: 2602258973160508088, guid: ef85441f92be24f4186a8d28e1829ad7, type: 3}
      propertyPath: m_LocalRotation.z
      value: -0.7071068
      objectReference: {fileID: 0}
    - target: {fileID: 2602258973160508088, guid: ef85441f92be24f4186a8d28e1829ad7, type: 3}
      propertyPath: m_LocalEulerAnglesHint.x
      value: -90
      objectReference: {fileID: 0}
    - target: {fileID: 2602258973160508088, guid: ef85441f92be24f4186a8d28e1829ad7, type: 3}
      propertyPath: m_LocalEulerAnglesHint.y
      value: 0
      objectReference: {fileID: 0}
    - target: {fileID: 2602258973160508088, guid: ef85441f92be24f4186a8d28e1829ad7, type: 3}
      propertyPath: m_LocalEulerAnglesHint.z
      value: -180
      objectReference: {fileID: 0}
    - target: {fileID: 5062869778292666390, guid: ef85441f92be24f4186a8d28e1829ad7, type: 3}
      propertyPath: m_Mesh
      value: 
      objectReference: {fileID: 0}
    - target: {fileID: 5062869778292666390, guid: ef85441f92be24f4186a8d28e1829ad7, type: 3}
      propertyPath: m_VersionIndex
      value: 1090
      objectReference: {fileID: 0}
    - target: {fileID: 5062869778292666390, guid: ef85441f92be24f4186a8d28e1829ad7, type: 3}
      propertyPath: m_Positions.Array.data[0].x
      value: 0.5
      objectReference: {fileID: 0}
    - target: {fileID: 5062869778292666390, guid: ef85441f92be24f4186a8d28e1829ad7, type: 3}
      propertyPath: m_Positions.Array.data[0].y
      value: -0.00000005960682
      objectReference: {fileID: 0}
    - target: {fileID: 5062869778292666390, guid: ef85441f92be24f4186a8d28e1829ad7, type: 3}
      propertyPath: m_Positions.Array.data[0].z
      value: 0.000018298626
      objectReference: {fileID: 0}
    - target: {fileID: 5062869778292666390, guid: ef85441f92be24f4186a8d28e1829ad7, type: 3}
      propertyPath: m_Positions.Array.data[1].x
      value: 0.5
      objectReference: {fileID: 0}
    - target: {fileID: 5062869778292666390, guid: ef85441f92be24f4186a8d28e1829ad7, type: 3}
      propertyPath: m_Positions.Array.data[1].y
      value: -0.00000005960682
      objectReference: {fileID: 0}
    - target: {fileID: 5062869778292666390, guid: ef85441f92be24f4186a8d28e1829ad7, type: 3}
      propertyPath: m_Positions.Array.data[1].z
      value: 1.0000184
      objectReference: {fileID: 0}
    - target: {fileID: 5062869778292666390, guid: ef85441f92be24f4186a8d28e1829ad7, type: 3}
      propertyPath: m_Positions.Array.data[2].x
      value: 1.5
      objectReference: {fileID: 0}
    - target: {fileID: 5062869778292666390, guid: ef85441f92be24f4186a8d28e1829ad7, type: 3}
      propertyPath: m_Positions.Array.data[2].y
      value: -0.00000005960682
      objectReference: {fileID: 0}
    - target: {fileID: 5062869778292666390, guid: ef85441f92be24f4186a8d28e1829ad7, type: 3}
      propertyPath: m_Positions.Array.data[2].z
      value: 0.000018298626
      objectReference: {fileID: 0}
    - target: {fileID: 5062869778292666390, guid: ef85441f92be24f4186a8d28e1829ad7, type: 3}
      propertyPath: m_Positions.Array.data[3].x
      value: 1.5
      objectReference: {fileID: 0}
    - target: {fileID: 5062869778292666390, guid: ef85441f92be24f4186a8d28e1829ad7, type: 3}
      propertyPath: m_Positions.Array.data[3].y
      value: -0.00000005960682
      objectReference: {fileID: 0}
    - target: {fileID: 5062869778292666390, guid: ef85441f92be24f4186a8d28e1829ad7, type: 3}
      propertyPath: m_Positions.Array.data[3].z
      value: 1.0000184
      objectReference: {fileID: 0}
    - target: {fileID: 5062869778292666390, guid: ef85441f92be24f4186a8d28e1829ad7, type: 3}
      propertyPath: m_Textures0.Array.data[0].x
      value: 0.5
      objectReference: {fileID: 0}
    - target: {fileID: 5062869778292666390, guid: ef85441f92be24f4186a8d28e1829ad7, type: 3}
      propertyPath: m_Textures0.Array.data[0].y
      value: 0.000018298626
      objectReference: {fileID: 0}
    - target: {fileID: 5062869778292666390, guid: ef85441f92be24f4186a8d28e1829ad7, type: 3}
      propertyPath: m_Textures0.Array.data[1].x
      value: 0.5
      objectReference: {fileID: 0}
    - target: {fileID: 5062869778292666390, guid: ef85441f92be24f4186a8d28e1829ad7, type: 3}
      propertyPath: m_Textures0.Array.data[1].y
      value: 1.0000184
      objectReference: {fileID: 0}
    - target: {fileID: 5062869778292666390, guid: ef85441f92be24f4186a8d28e1829ad7, type: 3}
      propertyPath: m_Textures0.Array.data[2].x
      value: 1.5
      objectReference: {fileID: 0}
    - target: {fileID: 5062869778292666390, guid: ef85441f92be24f4186a8d28e1829ad7, type: 3}
      propertyPath: m_Textures0.Array.data[2].y
      value: 0.000018298626
      objectReference: {fileID: 0}
    - target: {fileID: 5062869778292666390, guid: ef85441f92be24f4186a8d28e1829ad7, type: 3}
      propertyPath: m_Textures0.Array.data[3].x
      value: 1.5
      objectReference: {fileID: 0}
    - target: {fileID: 5062869778292666390, guid: ef85441f92be24f4186a8d28e1829ad7, type: 3}
      propertyPath: m_Textures0.Array.data[3].y
      value: 1.0000184
      objectReference: {fileID: 0}
    - target: {fileID: 6360863918062675812, guid: ef85441f92be24f4186a8d28e1829ad7, type: 3}
      propertyPath: m_Name
      value: BottomLine (14)
      objectReference: {fileID: 0}
    - target: {fileID: 8918713460850883753, guid: ef85441f92be24f4186a8d28e1829ad7, type: 3}
      propertyPath: m_Size.x
      value: 1
      objectReference: {fileID: 0}
    - target: {fileID: 8918713460850883753, guid: ef85441f92be24f4186a8d28e1829ad7, type: 3}
      propertyPath: m_Size.z
      value: 1
      objectReference: {fileID: 0}
    - target: {fileID: 8918713460850883753, guid: ef85441f92be24f4186a8d28e1829ad7, type: 3}
      propertyPath: m_ShapeBox.m_Center.y
      value: -0.00000005960682
      objectReference: {fileID: 0}
    - target: {fileID: 8918713460850883753, guid: ef85441f92be24f4186a8d28e1829ad7, type: 3}
      propertyPath: m_ShapeBox.m_Center.z
      value: 0.50001836
      objectReference: {fileID: 0}
    - target: {fileID: 8918713460850883753, guid: ef85441f92be24f4186a8d28e1829ad7, type: 3}
      propertyPath: m_ShapeBox.m_Extent.z
      value: 0.49999997
      objectReference: {fileID: 0}
    - target: {fileID: 8918713460850883753, guid: ef85441f92be24f4186a8d28e1829ad7, type: 3}
      propertyPath: m_UnmodifiedMeshVersion
      value: 1087
      objectReference: {fileID: 0}
    m_RemovedComponents: []
  m_SourcePrefab: {fileID: 100100000, guid: ef85441f92be24f4186a8d28e1829ad7, type: 3}
--- !u!4 &2484838110497420381 stripped
Transform:
  m_CorrespondingSourceObject: {fileID: 2602258973160508088, guid: ef85441f92be24f4186a8d28e1829ad7, type: 3}
  m_PrefabInstance: {fileID: 461337104715300581}
  m_PrefabAsset: {fileID: 0}
--- !u!1001 &2296492564149435941
PrefabInstance:
  m_ObjectHideFlags: 0
  serializedVersion: 2
  m_Modification:
    m_TransformParent: {fileID: 3530665723602218594}
    m_Modifications:
    - target: {fileID: 1791036855490338461, guid: ef85441f92be24f4186a8d28e1829ad7, type: 3}
      propertyPath: m_Mesh
      value: 
      objectReference: {fileID: 0}
    - target: {fileID: 1798988142554941996, guid: ef85441f92be24f4186a8d28e1829ad7, type: 3}
      propertyPath: m_Mesh
      value: 
      objectReference: {fileID: 0}
    - target: {fileID: 2602258973160508088, guid: ef85441f92be24f4186a8d28e1829ad7, type: 3}
      propertyPath: m_RootOrder
      value: 1
      objectReference: {fileID: 0}
    - target: {fileID: 2602258973160508088, guid: ef85441f92be24f4186a8d28e1829ad7, type: 3}
      propertyPath: m_LocalPosition.x
      value: -0.5000262
      objectReference: {fileID: 0}
    - target: {fileID: 2602258973160508088, guid: ef85441f92be24f4186a8d28e1829ad7, type: 3}
      propertyPath: m_LocalPosition.y
      value: -0.000017046928
      objectReference: {fileID: 0}
    - target: {fileID: 2602258973160508088, guid: ef85441f92be24f4186a8d28e1829ad7, type: 3}
      propertyPath: m_LocalPosition.z
      value: 1
      objectReference: {fileID: 0}
    - target: {fileID: 2602258973160508088, guid: ef85441f92be24f4186a8d28e1829ad7, type: 3}
      propertyPath: m_LocalRotation.w
      value: 0.5
      objectReference: {fileID: 0}
    - target: {fileID: 2602258973160508088, guid: ef85441f92be24f4186a8d28e1829ad7, type: 3}
      propertyPath: m_LocalRotation.x
      value: -0.5
      objectReference: {fileID: 0}
    - target: {fileID: 2602258973160508088, guid: ef85441f92be24f4186a8d28e1829ad7, type: 3}
      propertyPath: m_LocalRotation.y
      value: 0.5
      objectReference: {fileID: 0}
    - target: {fileID: 2602258973160508088, guid: ef85441f92be24f4186a8d28e1829ad7, type: 3}
      propertyPath: m_LocalRotation.z
      value: 0.5
      objectReference: {fileID: 0}
    - target: {fileID: 2602258973160508088, guid: ef85441f92be24f4186a8d28e1829ad7, type: 3}
      propertyPath: m_LocalEulerAnglesHint.x
      value: -90
      objectReference: {fileID: 0}
    - target: {fileID: 2602258973160508088, guid: ef85441f92be24f4186a8d28e1829ad7, type: 3}
      propertyPath: m_LocalEulerAnglesHint.y
      value: 90
      objectReference: {fileID: 0}
    - target: {fileID: 2602258973160508088, guid: ef85441f92be24f4186a8d28e1829ad7, type: 3}
      propertyPath: m_LocalEulerAnglesHint.z
      value: 0
      objectReference: {fileID: 0}
    - target: {fileID: 5062869778292666390, guid: ef85441f92be24f4186a8d28e1829ad7, type: 3}
      propertyPath: m_Mesh
      value: 
      objectReference: {fileID: 0}
    - target: {fileID: 5062869778292666390, guid: ef85441f92be24f4186a8d28e1829ad7, type: 3}
      propertyPath: m_VersionIndex
      value: 1090
      objectReference: {fileID: 0}
    - target: {fileID: 5062869778292666390, guid: ef85441f92be24f4186a8d28e1829ad7, type: 3}
      propertyPath: m_SelectedEdges.Array.size
      value: 0
      objectReference: {fileID: 0}
    - target: {fileID: 5062869778292666390, guid: ef85441f92be24f4186a8d28e1829ad7, type: 3}
      propertyPath: m_Positions.Array.data[0].x
      value: 0.5
      objectReference: {fileID: 0}
    - target: {fileID: 5062869778292666390, guid: ef85441f92be24f4186a8d28e1829ad7, type: 3}
      propertyPath: m_Positions.Array.data[0].y
      value: -0.00000005960682
      objectReference: {fileID: 0}
    - target: {fileID: 5062869778292666390, guid: ef85441f92be24f4186a8d28e1829ad7, type: 3}
      propertyPath: m_Positions.Array.data[0].z
      value: 0.000018298626
      objectReference: {fileID: 0}
    - target: {fileID: 5062869778292666390, guid: ef85441f92be24f4186a8d28e1829ad7, type: 3}
      propertyPath: m_Positions.Array.data[1].x
      value: 0.5
      objectReference: {fileID: 0}
    - target: {fileID: 5062869778292666390, guid: ef85441f92be24f4186a8d28e1829ad7, type: 3}
      propertyPath: m_Positions.Array.data[1].y
      value: -0.00000005960682
      objectReference: {fileID: 0}
    - target: {fileID: 5062869778292666390, guid: ef85441f92be24f4186a8d28e1829ad7, type: 3}
      propertyPath: m_Positions.Array.data[1].z
      value: 1.0000184
      objectReference: {fileID: 0}
    - target: {fileID: 5062869778292666390, guid: ef85441f92be24f4186a8d28e1829ad7, type: 3}
      propertyPath: m_Positions.Array.data[2].x
      value: 1.5
      objectReference: {fileID: 0}
    - target: {fileID: 5062869778292666390, guid: ef85441f92be24f4186a8d28e1829ad7, type: 3}
      propertyPath: m_Positions.Array.data[2].y
      value: -0.00000005960682
      objectReference: {fileID: 0}
    - target: {fileID: 5062869778292666390, guid: ef85441f92be24f4186a8d28e1829ad7, type: 3}
      propertyPath: m_Positions.Array.data[2].z
      value: 0.000018298626
      objectReference: {fileID: 0}
    - target: {fileID: 5062869778292666390, guid: ef85441f92be24f4186a8d28e1829ad7, type: 3}
      propertyPath: m_Positions.Array.data[3].x
      value: 1.5
      objectReference: {fileID: 0}
    - target: {fileID: 5062869778292666390, guid: ef85441f92be24f4186a8d28e1829ad7, type: 3}
      propertyPath: m_Positions.Array.data[3].y
      value: -0.00000005960682
      objectReference: {fileID: 0}
    - target: {fileID: 5062869778292666390, guid: ef85441f92be24f4186a8d28e1829ad7, type: 3}
      propertyPath: m_Positions.Array.data[3].z
      value: 1.0000184
      objectReference: {fileID: 0}
    - target: {fileID: 5062869778292666390, guid: ef85441f92be24f4186a8d28e1829ad7, type: 3}
      propertyPath: m_Textures0.Array.data[0].x
      value: 0.5
      objectReference: {fileID: 0}
    - target: {fileID: 5062869778292666390, guid: ef85441f92be24f4186a8d28e1829ad7, type: 3}
      propertyPath: m_Textures0.Array.data[0].y
      value: 0.000018298626
      objectReference: {fileID: 0}
    - target: {fileID: 5062869778292666390, guid: ef85441f92be24f4186a8d28e1829ad7, type: 3}
      propertyPath: m_Textures0.Array.data[1].x
      value: 0.5
      objectReference: {fileID: 0}
    - target: {fileID: 5062869778292666390, guid: ef85441f92be24f4186a8d28e1829ad7, type: 3}
      propertyPath: m_Textures0.Array.data[1].y
      value: 1.0000184
      objectReference: {fileID: 0}
    - target: {fileID: 5062869778292666390, guid: ef85441f92be24f4186a8d28e1829ad7, type: 3}
      propertyPath: m_Textures0.Array.data[2].x
      value: 1.5
      objectReference: {fileID: 0}
    - target: {fileID: 5062869778292666390, guid: ef85441f92be24f4186a8d28e1829ad7, type: 3}
      propertyPath: m_Textures0.Array.data[2].y
      value: 0.000018298626
      objectReference: {fileID: 0}
    - target: {fileID: 5062869778292666390, guid: ef85441f92be24f4186a8d28e1829ad7, type: 3}
      propertyPath: m_Textures0.Array.data[3].x
      value: 1.5
      objectReference: {fileID: 0}
    - target: {fileID: 5062869778292666390, guid: ef85441f92be24f4186a8d28e1829ad7, type: 3}
      propertyPath: m_Textures0.Array.data[3].y
      value: 1.0000184
      objectReference: {fileID: 0}
    - target: {fileID: 5062869778292666390, guid: ef85441f92be24f4186a8d28e1829ad7, type: 3}
      propertyPath: m_SelectedVertices.Array.size
      value: 0
      objectReference: {fileID: 0}
    - target: {fileID: 6360863918062675812, guid: ef85441f92be24f4186a8d28e1829ad7, type: 3}
      propertyPath: m_Name
      value: BottomLine (13)
      objectReference: {fileID: 0}
    - target: {fileID: 8918713460850883753, guid: ef85441f92be24f4186a8d28e1829ad7, type: 3}
      propertyPath: m_Size.x
      value: 1
      objectReference: {fileID: 0}
    - target: {fileID: 8918713460850883753, guid: ef85441f92be24f4186a8d28e1829ad7, type: 3}
      propertyPath: m_Size.z
      value: 1
      objectReference: {fileID: 0}
    - target: {fileID: 8918713460850883753, guid: ef85441f92be24f4186a8d28e1829ad7, type: 3}
      propertyPath: m_ShapeBox.m_Center.y
      value: -0.00000005960682
      objectReference: {fileID: 0}
    - target: {fileID: 8918713460850883753, guid: ef85441f92be24f4186a8d28e1829ad7, type: 3}
      propertyPath: m_ShapeBox.m_Center.z
      value: 0.50001836
      objectReference: {fileID: 0}
    - target: {fileID: 8918713460850883753, guid: ef85441f92be24f4186a8d28e1829ad7, type: 3}
      propertyPath: m_ShapeBox.m_Extent.z
      value: 0.49999997
      objectReference: {fileID: 0}
    - target: {fileID: 8918713460850883753, guid: ef85441f92be24f4186a8d28e1829ad7, type: 3}
      propertyPath: m_UnmodifiedMeshVersion
      value: 1087
      objectReference: {fileID: 0}
    m_RemovedComponents: []
  m_SourcePrefab: {fileID: 100100000, guid: ef85441f92be24f4186a8d28e1829ad7, type: 3}
--- !u!4 &4306518140105127069 stripped
Transform:
  m_CorrespondingSourceObject: {fileID: 2602258973160508088, guid: ef85441f92be24f4186a8d28e1829ad7, type: 3}
  m_PrefabInstance: {fileID: 2296492564149435941}
  m_PrefabAsset: {fileID: 0}
--- !u!1001 &3485120625335130868
PrefabInstance:
  m_ObjectHideFlags: 0
  serializedVersion: 2
  m_Modification:
    m_TransformParent: {fileID: 3530665723602218594}
    m_Modifications:
    - target: {fileID: 1791036855490338461, guid: ef85441f92be24f4186a8d28e1829ad7, type: 3}
      propertyPath: m_Mesh
      value: 
      objectReference: {fileID: 0}
    - target: {fileID: 1798988142554941996, guid: ef85441f92be24f4186a8d28e1829ad7, type: 3}
      propertyPath: m_Mesh
      value: 
      objectReference: {fileID: 0}
    - target: {fileID: 2602258973160508088, guid: ef85441f92be24f4186a8d28e1829ad7, type: 3}
      propertyPath: m_RootOrder
      value: 0
      objectReference: {fileID: 0}
    - target: {fileID: 2602258973160508088, guid: ef85441f92be24f4186a8d28e1829ad7, type: 3}
      propertyPath: m_LocalPosition.x
      value: -1.0000262
      objectReference: {fileID: 0}
    - target: {fileID: 2602258973160508088, guid: ef85441f92be24f4186a8d28e1829ad7, type: 3}
      propertyPath: m_LocalPosition.y
      value: -0.000017046928
      objectReference: {fileID: 0}
    - target: {fileID: 2602258973160508088, guid: ef85441f92be24f4186a8d28e1829ad7, type: 3}
      propertyPath: m_LocalPosition.z
      value: -0.5
      objectReference: {fileID: 0}
    - target: {fileID: 2602258973160508088, guid: ef85441f92be24f4186a8d28e1829ad7, type: 3}
      propertyPath: m_LocalRotation.w
      value: 0.7071068
      objectReference: {fileID: 0}
    - target: {fileID: 2602258973160508088, guid: ef85441f92be24f4186a8d28e1829ad7, type: 3}
      propertyPath: m_LocalRotation.x
      value: -0.7071068
      objectReference: {fileID: 0}
    - target: {fileID: 2602258973160508088, guid: ef85441f92be24f4186a8d28e1829ad7, type: 3}
      propertyPath: m_LocalRotation.y
      value: -0
      objectReference: {fileID: 0}
    - target: {fileID: 2602258973160508088, guid: ef85441f92be24f4186a8d28e1829ad7, type: 3}
      propertyPath: m_LocalRotation.z
      value: -0
      objectReference: {fileID: 0}
    - target: {fileID: 2602258973160508088, guid: ef85441f92be24f4186a8d28e1829ad7, type: 3}
      propertyPath: m_LocalEulerAnglesHint.x
      value: -90
      objectReference: {fileID: 0}
    - target: {fileID: 2602258973160508088, guid: ef85441f92be24f4186a8d28e1829ad7, type: 3}
      propertyPath: m_LocalEulerAnglesHint.y
      value: 0
      objectReference: {fileID: 0}
    - target: {fileID: 2602258973160508088, guid: ef85441f92be24f4186a8d28e1829ad7, type: 3}
      propertyPath: m_LocalEulerAnglesHint.z
      value: 0
      objectReference: {fileID: 0}
    - target: {fileID: 5062869778292666390, guid: ef85441f92be24f4186a8d28e1829ad7, type: 3}
      propertyPath: m_Mesh
      value: 
      objectReference: {fileID: 0}
    - target: {fileID: 5062869778292666390, guid: ef85441f92be24f4186a8d28e1829ad7, type: 3}
      propertyPath: m_VersionIndex
      value: 1087
      objectReference: {fileID: 0}
    - target: {fileID: 5062869778292666390, guid: ef85441f92be24f4186a8d28e1829ad7, type: 3}
      propertyPath: m_Positions.Array.data[0].x
      value: 0.5
      objectReference: {fileID: 0}
    - target: {fileID: 5062869778292666390, guid: ef85441f92be24f4186a8d28e1829ad7, type: 3}
      propertyPath: m_Positions.Array.data[0].y
      value: -0.00000005960682
      objectReference: {fileID: 0}
    - target: {fileID: 5062869778292666390, guid: ef85441f92be24f4186a8d28e1829ad7, type: 3}
      propertyPath: m_Positions.Array.data[0].z
      value: 0.000018298626
      objectReference: {fileID: 0}
    - target: {fileID: 5062869778292666390, guid: ef85441f92be24f4186a8d28e1829ad7, type: 3}
      propertyPath: m_Positions.Array.data[1].x
      value: 0.5
      objectReference: {fileID: 0}
    - target: {fileID: 5062869778292666390, guid: ef85441f92be24f4186a8d28e1829ad7, type: 3}
      propertyPath: m_Positions.Array.data[1].y
      value: -0.00000005960682
      objectReference: {fileID: 0}
    - target: {fileID: 5062869778292666390, guid: ef85441f92be24f4186a8d28e1829ad7, type: 3}
      propertyPath: m_Positions.Array.data[1].z
      value: 1.0000184
      objectReference: {fileID: 0}
    - target: {fileID: 5062869778292666390, guid: ef85441f92be24f4186a8d28e1829ad7, type: 3}
      propertyPath: m_Positions.Array.data[2].x
      value: 1.5
      objectReference: {fileID: 0}
    - target: {fileID: 5062869778292666390, guid: ef85441f92be24f4186a8d28e1829ad7, type: 3}
      propertyPath: m_Positions.Array.data[2].y
      value: -0.00000005960682
      objectReference: {fileID: 0}
    - target: {fileID: 5062869778292666390, guid: ef85441f92be24f4186a8d28e1829ad7, type: 3}
      propertyPath: m_Positions.Array.data[2].z
      value: 0.000018298626
      objectReference: {fileID: 0}
    - target: {fileID: 5062869778292666390, guid: ef85441f92be24f4186a8d28e1829ad7, type: 3}
      propertyPath: m_Positions.Array.data[3].x
      value: 1.5
      objectReference: {fileID: 0}
    - target: {fileID: 5062869778292666390, guid: ef85441f92be24f4186a8d28e1829ad7, type: 3}
      propertyPath: m_Positions.Array.data[3].y
      value: -0.00000005960682
      objectReference: {fileID: 0}
    - target: {fileID: 5062869778292666390, guid: ef85441f92be24f4186a8d28e1829ad7, type: 3}
      propertyPath: m_Positions.Array.data[3].z
      value: 1.0000184
      objectReference: {fileID: 0}
    - target: {fileID: 5062869778292666390, guid: ef85441f92be24f4186a8d28e1829ad7, type: 3}
      propertyPath: m_Textures0.Array.data[0].x
      value: 0.5
      objectReference: {fileID: 0}
    - target: {fileID: 5062869778292666390, guid: ef85441f92be24f4186a8d28e1829ad7, type: 3}
      propertyPath: m_Textures0.Array.data[0].y
      value: 0.000018298626
      objectReference: {fileID: 0}
    - target: {fileID: 5062869778292666390, guid: ef85441f92be24f4186a8d28e1829ad7, type: 3}
      propertyPath: m_Textures0.Array.data[1].x
      value: 0.5
      objectReference: {fileID: 0}
    - target: {fileID: 5062869778292666390, guid: ef85441f92be24f4186a8d28e1829ad7, type: 3}
      propertyPath: m_Textures0.Array.data[1].y
      value: 1.0000184
      objectReference: {fileID: 0}
    - target: {fileID: 5062869778292666390, guid: ef85441f92be24f4186a8d28e1829ad7, type: 3}
      propertyPath: m_Textures0.Array.data[2].x
      value: 1.5
      objectReference: {fileID: 0}
    - target: {fileID: 5062869778292666390, guid: ef85441f92be24f4186a8d28e1829ad7, type: 3}
      propertyPath: m_Textures0.Array.data[2].y
      value: 0.000018298626
      objectReference: {fileID: 0}
    - target: {fileID: 5062869778292666390, guid: ef85441f92be24f4186a8d28e1829ad7, type: 3}
      propertyPath: m_Textures0.Array.data[3].x
      value: 1.5
      objectReference: {fileID: 0}
    - target: {fileID: 5062869778292666390, guid: ef85441f92be24f4186a8d28e1829ad7, type: 3}
      propertyPath: m_Textures0.Array.data[3].y
      value: 1.0000184
      objectReference: {fileID: 0}
    - target: {fileID: 6360863918062675812, guid: ef85441f92be24f4186a8d28e1829ad7, type: 3}
      propertyPath: m_Name
      value: BottomLine (12)
      objectReference: {fileID: 0}
    - target: {fileID: 8918713460850883753, guid: ef85441f92be24f4186a8d28e1829ad7, type: 3}
      propertyPath: m_Size.x
      value: 1
      objectReference: {fileID: 0}
    - target: {fileID: 8918713460850883753, guid: ef85441f92be24f4186a8d28e1829ad7, type: 3}
      propertyPath: m_Size.z
      value: 1
      objectReference: {fileID: 0}
    - target: {fileID: 8918713460850883753, guid: ef85441f92be24f4186a8d28e1829ad7, type: 3}
      propertyPath: m_ShapeBox.m_Center.y
      value: -0.00000005960682
      objectReference: {fileID: 0}
    - target: {fileID: 8918713460850883753, guid: ef85441f92be24f4186a8d28e1829ad7, type: 3}
      propertyPath: m_ShapeBox.m_Center.z
      value: 0.50001836
      objectReference: {fileID: 0}
    - target: {fileID: 8918713460850883753, guid: ef85441f92be24f4186a8d28e1829ad7, type: 3}
      propertyPath: m_ShapeBox.m_Extent.z
      value: 0.5
      objectReference: {fileID: 0}
    - target: {fileID: 8918713460850883753, guid: ef85441f92be24f4186a8d28e1829ad7, type: 3}
      propertyPath: m_UnmodifiedMeshVersion
      value: 1087
      objectReference: {fileID: 0}
    m_RemovedComponents: []
  m_SourcePrefab: {fileID: 100100000, guid: ef85441f92be24f4186a8d28e1829ad7, type: 3}
--- !u!4 &1459366397979316300 stripped
Transform:
  m_CorrespondingSourceObject: {fileID: 2602258973160508088, guid: ef85441f92be24f4186a8d28e1829ad7, type: 3}
  m_PrefabInstance: {fileID: 3485120625335130868}
  m_PrefabAsset: {fileID: 0}
--- !u!1001 &7046603391191795897
PrefabInstance:
  m_ObjectHideFlags: 0
  serializedVersion: 2
  m_Modification:
    m_TransformParent: {fileID: 3530665723602218594}
    m_Modifications:
    - target: {fileID: 1791036855490338461, guid: ef85441f92be24f4186a8d28e1829ad7, type: 3}
      propertyPath: m_Mesh
      value: 
      objectReference: {fileID: 0}
    - target: {fileID: 1798988142554941996, guid: ef85441f92be24f4186a8d28e1829ad7, type: 3}
      propertyPath: m_Mesh
      value: 
      objectReference: {fileID: 0}
    - target: {fileID: 2602258973160508088, guid: ef85441f92be24f4186a8d28e1829ad7, type: 3}
      propertyPath: m_RootOrder
      value: 3
      objectReference: {fileID: 0}
    - target: {fileID: 2602258973160508088, guid: ef85441f92be24f4186a8d28e1829ad7, type: 3}
      propertyPath: m_LocalPosition.x
      value: 0.49997026
      objectReference: {fileID: 0}
    - target: {fileID: 2602258973160508088, guid: ef85441f92be24f4186a8d28e1829ad7, type: 3}
      propertyPath: m_LocalPosition.y
      value: -0.000017046928
      objectReference: {fileID: 0}
    - target: {fileID: 2602258973160508088, guid: ef85441f92be24f4186a8d28e1829ad7, type: 3}
      propertyPath: m_LocalPosition.z
      value: -1.0000024
      objectReference: {fileID: 0}
    - target: {fileID: 2602258973160508088, guid: ef85441f92be24f4186a8d28e1829ad7, type: 3}
      propertyPath: m_LocalRotation.w
      value: 0.5000015
      objectReference: {fileID: 0}
    - target: {fileID: 2602258973160508088, guid: ef85441f92be24f4186a8d28e1829ad7, type: 3}
      propertyPath: m_LocalRotation.x
      value: -0.5000015
      objectReference: {fileID: 0}
    - target: {fileID: 2602258973160508088, guid: ef85441f92be24f4186a8d28e1829ad7, type: 3}
      propertyPath: m_LocalRotation.y
      value: -0.49999854
      objectReference: {fileID: 0}
    - target: {fileID: 2602258973160508088, guid: ef85441f92be24f4186a8d28e1829ad7, type: 3}
      propertyPath: m_LocalRotation.z
      value: -0.49999854
      objectReference: {fileID: 0}
    - target: {fileID: 2602258973160508088, guid: ef85441f92be24f4186a8d28e1829ad7, type: 3}
      propertyPath: m_LocalEulerAnglesHint.x
      value: -90
      objectReference: {fileID: 0}
    - target: {fileID: 2602258973160508088, guid: ef85441f92be24f4186a8d28e1829ad7, type: 3}
      propertyPath: m_LocalEulerAnglesHint.y
      value: 0
      objectReference: {fileID: 0}
    - target: {fileID: 2602258973160508088, guid: ef85441f92be24f4186a8d28e1829ad7, type: 3}
      propertyPath: m_LocalEulerAnglesHint.z
      value: -90
      objectReference: {fileID: 0}
    - target: {fileID: 5062869778292666390, guid: ef85441f92be24f4186a8d28e1829ad7, type: 3}
      propertyPath: m_Mesh
      value: 
      objectReference: {fileID: 0}
    - target: {fileID: 5062869778292666390, guid: ef85441f92be24f4186a8d28e1829ad7, type: 3}
      propertyPath: m_VersionIndex
      value: 1093
      objectReference: {fileID: 0}
    - target: {fileID: 5062869778292666390, guid: ef85441f92be24f4186a8d28e1829ad7, type: 3}
      propertyPath: m_SelectedEdges.Array.size
      value: 0
      objectReference: {fileID: 0}
    - target: {fileID: 5062869778292666390, guid: ef85441f92be24f4186a8d28e1829ad7, type: 3}
      propertyPath: m_Positions.Array.data[0].x
      value: 0.5
      objectReference: {fileID: 0}
    - target: {fileID: 5062869778292666390, guid: ef85441f92be24f4186a8d28e1829ad7, type: 3}
      propertyPath: m_Positions.Array.data[0].y
      value: -0.00000005960682
      objectReference: {fileID: 0}
    - target: {fileID: 5062869778292666390, guid: ef85441f92be24f4186a8d28e1829ad7, type: 3}
      propertyPath: m_Positions.Array.data[0].z
      value: 0.000018298626
      objectReference: {fileID: 0}
    - target: {fileID: 5062869778292666390, guid: ef85441f92be24f4186a8d28e1829ad7, type: 3}
      propertyPath: m_Positions.Array.data[1].x
      value: 0.5
      objectReference: {fileID: 0}
    - target: {fileID: 5062869778292666390, guid: ef85441f92be24f4186a8d28e1829ad7, type: 3}
      propertyPath: m_Positions.Array.data[1].y
      value: -0.00000005960682
      objectReference: {fileID: 0}
    - target: {fileID: 5062869778292666390, guid: ef85441f92be24f4186a8d28e1829ad7, type: 3}
      propertyPath: m_Positions.Array.data[1].z
      value: 1.0000184
      objectReference: {fileID: 0}
    - target: {fileID: 5062869778292666390, guid: ef85441f92be24f4186a8d28e1829ad7, type: 3}
      propertyPath: m_Positions.Array.data[2].x
      value: 1.5
      objectReference: {fileID: 0}
    - target: {fileID: 5062869778292666390, guid: ef85441f92be24f4186a8d28e1829ad7, type: 3}
      propertyPath: m_Positions.Array.data[2].y
      value: -0.00000005960682
      objectReference: {fileID: 0}
    - target: {fileID: 5062869778292666390, guid: ef85441f92be24f4186a8d28e1829ad7, type: 3}
      propertyPath: m_Positions.Array.data[2].z
      value: 0.000018298626
      objectReference: {fileID: 0}
    - target: {fileID: 5062869778292666390, guid: ef85441f92be24f4186a8d28e1829ad7, type: 3}
      propertyPath: m_Positions.Array.data[3].x
      value: 1.5
      objectReference: {fileID: 0}
    - target: {fileID: 5062869778292666390, guid: ef85441f92be24f4186a8d28e1829ad7, type: 3}
      propertyPath: m_Positions.Array.data[3].y
      value: -0.00000005960682
      objectReference: {fileID: 0}
    - target: {fileID: 5062869778292666390, guid: ef85441f92be24f4186a8d28e1829ad7, type: 3}
      propertyPath: m_Positions.Array.data[3].z
      value: 1.0000184
      objectReference: {fileID: 0}
    - target: {fileID: 5062869778292666390, guid: ef85441f92be24f4186a8d28e1829ad7, type: 3}
      propertyPath: m_Textures0.Array.data[0].x
      value: 0.5
      objectReference: {fileID: 0}
    - target: {fileID: 5062869778292666390, guid: ef85441f92be24f4186a8d28e1829ad7, type: 3}
      propertyPath: m_Textures0.Array.data[0].y
      value: 0.000018298626
      objectReference: {fileID: 0}
    - target: {fileID: 5062869778292666390, guid: ef85441f92be24f4186a8d28e1829ad7, type: 3}
      propertyPath: m_Textures0.Array.data[1].x
      value: 0.5
      objectReference: {fileID: 0}
    - target: {fileID: 5062869778292666390, guid: ef85441f92be24f4186a8d28e1829ad7, type: 3}
      propertyPath: m_Textures0.Array.data[1].y
      value: 1.0000184
      objectReference: {fileID: 0}
    - target: {fileID: 5062869778292666390, guid: ef85441f92be24f4186a8d28e1829ad7, type: 3}
      propertyPath: m_Textures0.Array.data[2].x
      value: 1.5
      objectReference: {fileID: 0}
    - target: {fileID: 5062869778292666390, guid: ef85441f92be24f4186a8d28e1829ad7, type: 3}
      propertyPath: m_Textures0.Array.data[2].y
      value: 0.000018298626
      objectReference: {fileID: 0}
    - target: {fileID: 5062869778292666390, guid: ef85441f92be24f4186a8d28e1829ad7, type: 3}
      propertyPath: m_Textures0.Array.data[3].x
      value: 1.5
      objectReference: {fileID: 0}
    - target: {fileID: 5062869778292666390, guid: ef85441f92be24f4186a8d28e1829ad7, type: 3}
      propertyPath: m_Textures0.Array.data[3].y
      value: 1.0000184
      objectReference: {fileID: 0}
    - target: {fileID: 5062869778292666390, guid: ef85441f92be24f4186a8d28e1829ad7, type: 3}
      propertyPath: m_SelectedVertices.Array.size
      value: 0
      objectReference: {fileID: 0}
    - target: {fileID: 6360863918062675812, guid: ef85441f92be24f4186a8d28e1829ad7, type: 3}
      propertyPath: m_Name
      value: BottomLine (15)
      objectReference: {fileID: 0}
    - target: {fileID: 8918713460850883753, guid: ef85441f92be24f4186a8d28e1829ad7, type: 3}
      propertyPath: m_Size.x
      value: 1
      objectReference: {fileID: 0}
    - target: {fileID: 8918713460850883753, guid: ef85441f92be24f4186a8d28e1829ad7, type: 3}
      propertyPath: m_Size.z
      value: 1
      objectReference: {fileID: 0}
    - target: {fileID: 8918713460850883753, guid: ef85441f92be24f4186a8d28e1829ad7, type: 3}
      propertyPath: m_ShapeBox.m_Center.y
      value: -0.00000005960682
      objectReference: {fileID: 0}
    - target: {fileID: 8918713460850883753, guid: ef85441f92be24f4186a8d28e1829ad7, type: 3}
      propertyPath: m_ShapeBox.m_Center.z
      value: 0.50001836
      objectReference: {fileID: 0}
    - target: {fileID: 8918713460850883753, guid: ef85441f92be24f4186a8d28e1829ad7, type: 3}
      propertyPath: m_ShapeBox.m_Extent.z
      value: 0.49999997
      objectReference: {fileID: 0}
    - target: {fileID: 8918713460850883753, guid: ef85441f92be24f4186a8d28e1829ad7, type: 3}
      propertyPath: m_UnmodifiedMeshVersion
      value: 1087
      objectReference: {fileID: 0}
    m_RemovedComponents: []
  m_SourcePrefab: {fileID: 100100000, guid: ef85441f92be24f4186a8d28e1829ad7, type: 3}
--- !u!4 &5032637122629255681 stripped
Transform:
  m_CorrespondingSourceObject: {fileID: 2602258973160508088, guid: ef85441f92be24f4186a8d28e1829ad7, type: 3}
  m_PrefabInstance: {fileID: 7046603391191795897}
  m_PrefabAsset: {fileID: 0}
